<record xmlns="http://www.loc.gov/MARC21/slim" xmlns:xsi="http://www.w3.org/2001/XMLSchema-instance" xsi:schemaLocation="http://www.loc.gov/MARC21/slim http://www.loc.gov/standards/marcxml/schema/MARC21slim.xsd">

  <leader>00724nam a2200217Ia 4500</leader>
  <controlfield tag="008">160204b1999    a  ||||| |||| 00| | spa d</controlfield>
  <datafield ind1=" " tag="020" ind2=" ">
    <subfield code="a">9508020997</subfield>
  </datafield>
  <datafield ind2=" " ind1=" " tag="090">
    <subfield code="a">02.05.01 </subfield>
    <subfield code="b">1500</subfield>
  </datafield>
  <datafield ind2=" " tag="100" ind1="1">
    <subfield code="a">Coria, Adela</subfield>
    <subfield code="9">1424</subfield>
  </datafield>
  <datafield ind2="0" ind1="1" tag="245">
    <subfield code="a">Currículum e investigación en trabajo social / </subfield>
    <subfield code="c">Adela Coria; María del Rosario Badano; Elena Achilli; Margarita Rozas</subfield>
  </datafield>
  <datafield tag="260" ind1=" " ind2=" ">
    <subfield code="a">Buenos Aires : </subfield>
    <subfield code="b">Espacio Editorial, </subfield>
    <subfield code="c">1999</subfield>
  </datafield>
  <datafield ind1=" " tag="300" ind2=" ">
    <subfield code="a">109 páginas</subfield>
  </datafield>
  <datafield ind1="1" tag="650" ind2="4">
    <subfield code="a">TRABAJO SOCIAL </subfield>
    <subfield code="9">543</subfield>
  </datafield>
  <datafield ind1="1" tag="650" ind2="4">
    <subfield code="a">CURRÍCULO (EDUCACIÓN)</subfield>
    <subfield code="9">342</subfield>
  </datafield>
  <datafield ind2="4" tag="650" ind1="1">
    <subfield code="a">INVESTIGACIÓN</subfield>
    <subfield code="9">163</subfield>
  </datafield>
  <datafield ind1="1" tag="650" ind2="4">
    <subfield code="a">ETNOGRAFÍA</subfield>
    <subfield code="9">286</subfield>
  </datafield>
  <datafield ind2=" " tag="700" ind1="1">
    <subfield code="a">Badano, María del Rosario</subfield>
    <subfield code="9">1425</subfield>
  </datafield>
  <datafield ind1="1" tag="700" ind2=" ">
    <subfield code="a">Achilli, Elena </subfield>
    <subfield code="9">1426</subfield>
  </datafield>
  <datafield ind2=" " ind1="1" tag="700">
    <subfield code="a">Rozas, Margarita </subfield>
    <subfield code="9">1427</subfield>
  </datafield>
  <datafield ind2=" " ind1=" " tag="942">
    <subfield code="2">z</subfield>
    <subfield code="c">01</subfield>
  </datafield>
  <datafield ind2=" " ind1=" " tag="999">
    <subfield code="c">351</subfield>
    <subfield code="d">351</subfield>
  </datafield>
</record>